@Misc{icaControl,
  author = {{Team Professional Skills, Hogeschool Arnhem Nijmegen}},
  title  = {{Controlekaart documenten ICA}},
  year   = 2014,
  month  = jun,
}
@Misc{pvaTut,
  author = {{Praktijkbureau ICA, Hogeschool Arnhem Nijmegen}},
  title  = {{Hoe kom je tot een goed projectplan voor afstuderen en wat moet erin staan?}},
  year   = 2018,
  month  = feb,
}
@online{theoOnderzoek,
  author = {{Theo Theunissen}},
  title = {{Onderzoekshandleiding}},
  year = 2018,
  url = {http://dtheotheunissen.nl/onderzoekshandleiding}
}
@online{studiegids,
  author = {{Informatica & Communicatie Academie, Hogeschool Arnhem Nijmegen}},
  title = {{Deel 1 - Studiegids HBO-ICT VT)}},
  volume = "2017-2018",
  pages = "47--47",
  year = 2017,
  url = {https://www1.han.nl/insite/ica/content/Onderwijsstatuut_2005_2006.xml_dir/OS_OER_2017-2018_ICA_deel_1_-_Studiegids_HBO-ICT_DEF.pdf}
}